<record><leader>00000cas a22000007a 4500</leader><controlfield tag="001">13171925</controlfield><controlfield tag="008">860219d19141927iduwr ne      0    0eng d</controlfield><datafield ind1=" " ind2=" " tag="010"><subfield code="a">sn 86091187 </subfield></datafield><datafield ind1=" " ind2=" " tag="040"><subfield code="a">UNP</subfield><subfield code="b">eng</subfield><subfield code="c">UNP</subfield><subfield code="d">NVB</subfield><subfield code="d">OCLCQ</subfield><subfield code="d">OCLCF</subfield><subfield code="d">OCLCO</subfield></datafield><datafield ind1="1" ind2=" " tag="029"><subfield code="a">AU@</subfield><subfield code="b">000025797117</subfield></datafield><datafield ind1=" " ind2=" " tag="042"><subfield code="a">msc</subfield></datafield><datafield ind1=" " ind2=" " tag="043"><subfield code="a">n-us-id</subfield></datafield><datafield ind1=" " ind2="4" tag="050"><subfield code="a">AN2.I2</subfield><subfield code="b">S24</subfield></datafield><datafield ind1="0" ind2="4" tag="245"><subfield code="a">The Salmon herald.</subfield></datafield><datafield ind1=" " ind2=" " tag="260"><subfield code="a">Salmon, Idaho :</subfield><subfield code="b">E.K. Abbott,</subfield><subfield code="c">1914-</subfield></datafield><datafield ind1=" " ind2=" " tag="300"><subfield code="a">v. :</subfield><subfield code="b">ill.</subfield></datafield><datafield ind1=" " ind2=" " tag="310"><subfield code="a">Weekly</subfield></datafield><datafield ind1="0" ind2=" " tag="362"><subfield code="a">Vol. 14, no. 47 (Nov. 20, 1914)-</subfield></datafield><datafield ind1="1" ind2=" " tag="362"><subfield code="a">Ceased with Apr. 24, 1927 issue.</subfield></datafield><datafield ind1=" " ind2="0" tag="651"><subfield code="a">Salmon (Idaho)</subfield><subfield code="v">Newspapers.</subfield></datafield><datafield ind1=" " ind2="7" tag="655"><subfield code="a">Newspapers.</subfield><subfield code="2">fast</subfield><subfield code="0">(OCoLC)fst01423814</subfield></datafield><datafield ind1=" " ind2="7" tag="651"><subfield code="a">Idaho</subfield><subfield code="z">Salmon.</subfield><subfield code="2">fast</subfield><subfield code="0">(OCoLC)fst01226303</subfield></datafield><datafield ind1=" " ind2=" " tag="752"><subfield code="a">United States</subfield><subfield code="b">Idaho</subfield><subfield code="c">Lemhi</subfield><subfield code="d">Salmon.</subfield></datafield><datafield ind1="0" ind2="0" tag="780"><subfield code="t">Lemhi herald</subfield><subfield code="w">(DLC)sn 86091186</subfield><subfield code="w">(OCoLC)13171831</subfield></datafield><datafield ind1="0" ind2="7" tag="785"><subfield code="t">Idaho recorder</subfield><subfield code="w">(DLC)sn 86091188</subfield><subfield code="w">(OCoLC)13172059</subfield></datafield><datafield ind1="1" ind2="7" tag="785"><subfield code="t">Lemhi County recorder herald</subfield><subfield code="w">(DLC)sn 86091189</subfield><subfield code="w">(OCoLC)13172135</subfield></datafield></record>